@misc{latexdoc,
    author    = "LaTeX Documentation",
    title     = "LaTeX Documentation",
    url       = "https://www.sharelatex.com/learn"
}

@misc{lectnotes,
    author    = "Phokion G. Kolaitis",
    title     = "Lecture 2",
    publisher = "CMPS 185: Technical Writing for Computer Science",
    url       = "https://piazza.com/cmps185"
}