@article{vote,
 ISSN = {10471987, 14764989},
 URL = {http://www.jstor.org/stable/25791834},
 author = {Kevin Arceneaux and Alan S. Gerber and Donald P. Green},
 journal = {Political Analysis},
 number = {1},
 pages = {37--62},
 publisher = {[Oxford University Press, Society for Political Methodology]},
 title = {Comparing Experimental and Matching Methods Using a Large-Scale Voter Mobilization Experiment},
 volume = {14},
 year = {2006}
}