@misc{thermos,
  title={Snack packaging},
  author={Bezek, Edward Anthony and McFadden III, David Charlton},
  year={2002},
  month=jan # "~8",
  publisher={Google Patents},
  note={US Patent App. 29/143,622}
}

@misc{stainless,
  title={Stainless steel thermos bottle},
  author={Komeda, Masakatsu and Fujiyama, Mamoru},
  year={1984},
  month=jan # "~24",
  publisher={Google Patents},
  note={US Patent 4,427,123}
}

@misc{sharelatex,
  title={US Patent Template},
  author={Peter J. Pupalaikis},
  year={2012},
  publisher={ShareLaTex},
}